<?xml version="1.0" encoding="UTF-8"?><collection xmlns="http://www.loc.gov/MARC21/slim"><record><leader>00369nam--2200121-i-4500</leader><controlfield tag="001">000026269</controlfield><controlfield tag="002">20161230</controlfield><controlfield tag="005">20161230201036</controlfield><controlfield tag="008">060222s1000------------r-----000-0-eng-d</controlfield><datafield ind1=" " ind2=" " tag="245"><subfield code="a">International series of monographs in natural philosophy. vol. 56. the logical analysis of quantum mechanics</subfield></datafield><datafield ind1=" " ind2=" " tag="260"><subfield code="a">Oxford, Pergamon Press, 1973</subfield></datafield><datafield ind1=" " ind2=" " tag="700"><subfield code="a">D. Ter Haar</subfield></datafield><datafield ind1=" " ind2=" " tag="852"><subfield code="a">43127</subfield></datafield></record></collection>